account assets:bank:business  ; elster_account:business, elster_label:Geschäftskonto
account expenses:taxes:umsatzsteuer  ; elster_role:vat_payment
account expenses:taxes:umsatzsteuer:vorauszahlung  ; elster_role:vat_advance
account expenses:taxes:umsatzsteuer:vorauszahlung:2024  ; elster_period:2024
account expenses:taxes:umsatzsteuer:vorauszahlung:2025  ; elster_period:2025

2024-02-15 VAT advance 2024
    expenses:taxes:umsatzsteuer:vorauszahlung:2024  100.00 EUR
    assets:bank:business                           -100.00 EUR

2024-03-01 VAT advance reversal 2024
    expenses:taxes:umsatzsteuer:vorauszahlung:2024  -40.00 EUR
    assets:bank:business                             40.00 EUR

2024-08-22 VAT final refund for 2023
    expenses:taxes:umsatzsteuer  -25.00 EUR
    assets:bank:business          25.00 EUR

2025-01-10 Late VAT advance for 2024
    expenses:taxes:umsatzsteuer:vorauszahlung:2024   30.00 EUR
    assets:bank:business                             -30.00 EUR

2025-02-14 VAT advance 2025
    expenses:taxes:umsatzsteuer:vorauszahlung:2025  200.00 EUR
    assets:bank:business                           -200.00 EUR

2025-03-02 VAT advance reversal 2025
    expenses:taxes:umsatzsteuer:vorauszahlung:2025  -50.00 EUR
    assets:bank:business                             50.00 EUR

2025-09-01 VAT final payment 2025
    expenses:taxes:umsatzsteuer   80.00 EUR
    assets:bank:business         -80.00 EUR
